@article{hussein2014,
  title={Sustainable urban waterfronts using sustainability assessment rating system},
  author={Hussein, RMR},
  journal={International Journal of Architectural and Environmental Engineering},
  volume={8},
  number={4},
  pages={488--498},
  year={2014}
}

@article{fhuh2017,
  title = {{TINJAUAN YURIDIS IZIN REKLAMASI PANTAI MAKASSAR DALAM MEGA PROYEK CENTRE POINT OF INDONESIA}},
  author = {{Fakultas Hukum Universitas Hasanuddin} and Aspan, Zulkifli},
  year = {2017},
  month = apr,
  volume = {1},
  pages = {172--189},
  issn = {25412353, 2541531X},
  doi = {10.24970/jbhl.v1n2.14},
  journal = {BINA HUKUM LINGKUNGAN},
  number = {2}
}


@article{junaid2016,
  title = {{IKON HABIBIE-AINUN, STRATEGI INOVATIF DALAM MENGEMBANGKAN PARIWISATA DI KOTA PAREPARE, SULAWESI SELATAN}},
  author = {Junaid, Ilham and Hanafi, Hamsu},
  year = {2016},
  month = aug,
  issn = {2502-8022, 2406-9116},
  doi = {10.24843/JUMPA.2016.v03.i01.p09},
  journal = {Jurnal Master Pariwisata (JUMPA)}
}

@article{goni2018,
  title = {{ANALISIS PERUBAHAN GARIS PANTAI DAN STRATEGI PENGELOLAANNYA DI PANTAI BARAT SULAWESI SELATAN}},
  author = {Goni, Agustina and Rauf, Abdul and Asbar, Muhammad},
  year = {2018},
  month = dec,
  volume = {1},
  pages = {89--99},
  issn = {2655-5883, 2655-4461},
  doi = {10.33096/joint-fish.v1i1.24},
  journal = {JOURNAL OF INDONESIAN TROPICAL FISHERIES (JOINT-FISH) : Jurnal Akuakultur, Teknologi Dan Manajemen Perikanan Tangkap, Ilmu Kelautan},
  number = {1}
}

@phdthesis{wardasusaniati2011,
  title = {{STUDI TENTANG PRODUKTIVITAS BAGAN TANCAP DI PERAIRAN KABUPATEN JENEPONTO SULAWESI SELATAN}},
  author = {{WARDA SUSANIATI}},
  year = {2011},
  address = {{MAKASSAR}},
  school = {UNIVERSITAS HASANUDDIN}
}

@article{bpskotaparepare2020,
  title = {{{KOTA PAREPARE DALAM ANGKA Parepare Municipality}} in {{Figures}} 2020},
  shorttitle = {{{KOTA PAREPARE DALAM ANGKA}}},
  author = {{BPS KOTA PAREPARE}},
  year = {2020},
  volume = {73720.2002},
  issn = {0215-7047},
  journal = {Badan Pusat Statistik Kota Parepare},
  number = {1102001.7372}
}

@article{giovinazzi2008,
  title={Waterfront planning: a window of opportunities for post-disaster reconstruction},
  author={Giovinazzi, Oriana and Giovinazzi, Sonia},
  year={2008},
  publisher={University of Canterbury. Civil and Natural Resources Engineering}
}

@article{niemann2016,
  title={Strategies for the sustainable urban waterfront},
  author={Niemann, B and Werner, T},
  journal={WIT Transactions on Ecology and the Environment},
  volume={204},
  pages={431--439},
  year={2016},
  publisher={WIT Press}
}

@article{ainy2016,
  title = {Landscape {{Design}} for {{Sustainable Waterfront Community}}},
  author = {Ainy, Cherish},
  year = {2016},
  pages = {6},
  journal = {JAILCD}
}

@article{tungka2012,
  title = {{{MANADO WATERFRONT DEVELOPMENT CONCEPT AS SUSTAINABLE CITY OF TOURISM}}},
  author = {Tungka, Aristotulus Ernst and Omran, Abdelnasser Ali and Gebril, Abdelwahab O and Wah, Woo Suk and Suprapti, Atiek B},
  year = {2012},
  pages = {6},
  issn = {2067-3809},
  journal = {Bulletin of engeneering}
}

@book{breen1994,
  title={Waterfronts: Cities reclaim their edge},
  author={Breen, Ann and Rigby, Dick},
  year={1994},
  publisher={McGraw-Hill Companies}
}

@article{pramesti2017,
  title = {{{SUSTAINABLE URBAN WATERFRONT REDEVELOPMENT}} : {{CHALLENGE AND KEY ISSUES}}},
  author = {Pramesti, Rochana Esti},
  year = {2017},
  volume = {14},
  pages = {14}
}

@article{andi2017,
  title = {{MODEL REKLAMASI PANTAI SECARA BERKELANJUTAN KASUS : PANTAI KOTA MAKASSAR}},
  shorttitle = {{MODEL REKLAMASI PANTAI SECARA BERKELANJUTAN KASUS}},
  author = {Andi, Yurnita and Trisutomo, Slamet and Ali, Mukti},
  year = {2017},
  month = oct,
  volume = {19},
  pages = {339},
  issn = {2356-0266, 0852-7458},
  doi = {10.14710/tataloka.19.4.339-354},
  journal = {TATALOKA},
  number = {4}
}

@inproceedings{hindersah2015,
  title = {{{STRATEGI PENGELOLAAN WILAYAH PESISIR MUARAGEMBONG SECARA ISLAMI DAN BERKELANJUTAN}}},
  booktitle = {{{SEMINAR NASIONAL TATA RUANG DAN SPACE}}\#2},
  author = {Hindersah, Hilwati and Asyiawati, Yulia and Syiddatul Akliyah, Lely},
  year = {2015},
  address = {{Jalan Sangalangit, Tembau-Penatih, Denpasar, Bali}},
  isbn = {978-602-73308-0-1}
}

@article{imperatives1987,
  title={Report of the World Commission on Environment and Development: Our common future},
  author={Imperatives, Strategic},
  journal={Accessed Feb},
  volume={10},
  year={1987}
}

@book{brebbia2016sustainable,
  title = {The Sustainable City {{XI}}},
  author = {Brebbia, C.A. and {Galiano-Garrigos}, A.},
  year = {2016},
  publisher = {{WIT Press}},
  isbn = {978-1-78466-103-8},
  series = {{{WIT}} Transactions on Ecology and the Environment}
}

@article{benages2015revisiting,
  title = {Revisiting the Appropriation of Space in Metropolitan River Corridors},
  author = {{Benages-Albert}, Marta and Di Masso, Andr{\'e}s and Porcel, Sergio and Pol, Enric and {Vall-Casas}, Pere},
  year = {2015},
  volume = {42},
  pages = {1--15},
  publisher = {{Elsevier}},
  journal = {Journal of Environmental Psychology}
}

@book{breen1994waterfronts,
  title = {Waterfronts: {{Cities}} Reclaim Their Edge},
  author = {Breen, Ann and Rigby, Dick},
  year = {1994},
  publisher = {{McGraw-Hill Companies}}
}

@article{couch2003city,
  title = {City of Change and Challenge: Urban Planning and Regeneration in {{Liverpool Ashgate}}},
  author = {Couch, C},
  year = {2003},
  publisher = {{Aldershot}},
  journal = {Liverpool Ashgate}
}

@article{goodwin1999,
  title = {Redeveloping Deteriorated Urban Waterfronts: {{The}} Effectiveness of {{US}} Coastal Management Programs},
  author = {Goodwin, Robert F},
  year = {1999},
  volume = {27},
  pages = {239--269},
  publisher = {{Taylor \& Francis}},
  issn = {0892-0753},
  journal = {Coastal Management},
  number = {2-3}
}

@article{gripaios1999ports,
  title = {Ports and Their Influence on Local Economies-a {{UK}} Perspective},
  author = {Gripaios, P},
  year = {1999},
  volume = {79},
  pages = {235--237},
  publisher = {{FOXLOW PUBLICATIONS LTD}},
  journal = {DOCK AND HARBOUR AUTHORITY}
}

@article{imansari2015,
  title = {{Penyediaan Hutan Kota dan Taman Kota sebagai Ruang Terbuka Hijau (RTH) Publik Menurut Preferensi Masyarakat di Kawasan Pusat Kota Tangerang}},
  author = {Imansari, Nadia and Khadiyanta, Parfi},
  year = {2015},
  pages = {10},
  number = {3}
}

@article{richarda.lehmann1966,
  title = {{{THE PRINCIPLES OF WATERFRONT RENEWAL}}: {{A}} Summary of Experiences in Fifty {{American}} Cities},
  author = {Richard A. Lehmann},
  year = {1966},
  pages = {7},
  journal = {Landscape Architecture Magazine}
}

@article{shamsuddin2013,
  ids = {shamsuddin2013city},
  title = {How a City Lost Its Waterfront: Tracing the Effects of Policies on the Sustainability of the {{Kuala Lumpur}} Waterfront as a Public Place},
  author = {Shamsuddin, Shuhana and Abdul Latip, Nurul Syala and Ujang, Norsidah and Sulaiman, Ahmad Bashri and Alias, Nursyahida Alfath},
  year = {2013},
  volume = {56},
  pages = {378--397},
  publisher = {{Taylor \& Francis}},
  journal = {Journal of Environmental Planning and Management},
  number = {3}
}

@article{thomas2020,
title = {General, stress relief and perceived safety preferences for green spaces in the historic city of Padua (Italy)},
journal = {Urban Forestry \& Urban Greening},
volume = {52},
pages = {126695},
year = {2020},
issn = {1618-8667}
}

@article{ulam2009,
  title = {{{DOWN BY THE}} ({{URBAN}}) {{RIVERSIDE}}},
  author = {Ulam, Alex},
  year = {2009},
  volume = {Vol. 99, No. 9,},
  pages = {11},
  journal = {Landscape Architecture Magazine}
}

@article{vayona2011,
  ids = {vayona2011a},
  title = {Investigating the Preferences of Individuals in Redeveloping Waterfronts: {{The}} Case of the Port of {{Thessaloniki}} \textendash{} {{Greece}}},
  shorttitle = {Investigating the Preferences of Individuals in Redeveloping Waterfronts},
  author = {Vayona, Anastasia},
  year = {2011},
  month = oct,
  volume = {28},
  pages = {424--432},
  issn = {02642751},
  doi = {10.1016/j.cities.2011.05.007},
  journal = {Cities},
  number = {5}
}

@article{wang2020,
  title = {Citizens' Preferences and Attitudes towards Urban Waterfront Spaces: A Case Study of {{Qiantang}} Riverside Development},
  shorttitle = {Citizens' Preferences and Attitudes towards Urban Waterfront Spaces},
  author = {Wang, Yuan and Dewancker, Bart Julien and Qi, Qianlong},
  year = {2020},
  month = dec,
  volume = {27},
  pages = {45787--45801},
  issn = {0944-1344, 1614-7499},
  doi = {10.1007/s11356-020-10419-6},
  journal = {Environmental Science and Pollution Research},
  number = {36}
}
