@article{parsons2002,
  title = {Good Looking: In Defense of Scenic Landscape Aesthetics},
  author = {Parsons, Russ and Daniel, Terry C},
  year = {2002},
  volume = {60},
  pages = {43--56},
  issn = {0169-2046},
  doi = {10.1016/S0169-2046(02)00051-8},
  journal = {Landscape and Urban Planning},
  keywords = {Ecological aesthetics,Environmental affect,Environmental perception,Scenic aesthetics},
  number = {1}
}


@article{tveit2006,
  title = {Key Concepts in a Framework for Analysing Visual Landscape Character},
  author = {Tveit, M. and Ode, {\AA}. and Fry, G.},
  year = {2006},
  month = jul,
  volume = {31},
  pages = {229--255},
  issn = {0142-6397, 1469-9710},
  doi = {10.1080/01426390600783269},
  journal = {Landscape Research},
  number = {3}
}


@book{appleton1996,
  title={The experience of landscape},
  author={Appleton, Jay},
  year={1996},
  publisher={Wiley Chichester}
}
@article{kaplan1977,
  title={Down by the riverside: Informational factors in waterscape preference},
  author={Kaplan, Rachel},
  journal={USDA Forest Service General Technical Report NC (USA)},
  year={1977}
}
@inproceedings{kasim2016,
  title = {Urban Residents and Their Preferences of Environmental Elements},
  booktitle = {{{SUSTAINABLE DEVELOPMENT AND PLANNING}} 2016},
  author = {Kasim, A. C. and Azizan, M. U. and Hussin, K. and Rahman, M. M. G. M. A.},
  year = {2016},
  month = dec,
  pages = {185--194},
  address = {{Penang, Malaysia}},
  doi = {10.2495/SDP160161}
}


@article{dipeolu2021,
title = {Determinants of residents’ preferences for Urban Green infrastructure in Nigeria: Evidence from Lagos Metropolis},
journal = {Urban Forestry & Urban Greening},
volume = {57},
pages = {126931},
year = {2021},
issn = {1618-8667},
doi = {https://doi.org/10.1016/j.ufug.2020.126931},
url = {https://www.sciencedirect.com/science/article/pii/S1618866720307482},
author = {Adedotun Ayodele Dipeolu and Eziyi Offia Ibem and Joseph Akinlabi Fadamiro},
keywords = {Determinants, Lagos metropolis, Residents’ preferences, Residential neighbourhoods, Urban green infrastructure}
}
@article{gao2019,
  title = {Comparisons of {{Landscape Preferences}} through {{Three Different Perceptual Approaches}}},
  author = {Gao, Tian and Liang, Huiyi and Chen, Yuxuan and Qiu, Ling},
  year = {2019},
  volume = {16},
  publisher = {{MDPI AG}},
  address = {{Basel}},
  issn = {1661-7827},
  doi = {10.3390/ijerph16234754},
  journal = {International Journal of Environmental Research and Public Health},
  keywords = {China,Comparative studies,Computer applications,Feature recognition,Landscape architecture,landscape perception and preference,on-site,Onsite,Open spaces,Panoramic cameras,Perception,Perceptions,photo,Photographs,Photography,Physiology,Place preferences,Preferences,Questionnaires,Sciences: Comprehensive Works,Studies,Surveys,Technology,Urban planning,Validity,Vegetation,virtual reality,Virtual reality,Visibility,Visual evoked potentials},
  number = {23}
}


@article{vandenberg2003,
title = {Environmental preference and restoration: (How) are they related?},
journal = {Journal of Environmental Psychology},
volume = {23},
number = {2},
pages = {135-146},
year = {2003},
note = {Restorative Environments},
issn = {0272-4944},
doi = {https://doi.org/10.1016/S0272-4944(02)00111-1},
url = {https://www.sciencedirect.com/science/article/pii/S0272494402001111},
author = {Agnes E {van den Berg} and Sander L Koole and Nickie Y {van der Wulp}}
}
@article{wilkie2018,
title = {Further exploration of environment preference and environment type congruence on restoration and perceived restoration potential},
journal = {Landscape and Urban Planning},
volume = {170},
pages = {314-319},
year = {2018},
issn = {0169-2046},
doi = {https://doi.org/10.1016/j.landurbplan.2017.04.013},
url = {https://www.sciencedirect.com/science/article/pii/S0169204617300944},
author = {Stephanie Wilkie and Heather Clements},
keywords = {Urban green space, Nature, Environmental preference, Perceived, restoration potential, Person-place relationships, Place identity},
}

@article{qiu2021,
  title = {The {{Effects}} of {{Urban Natural Environments}} on {{Preference}} and {{Self}}-{{Reported Psychological Restoration}} of the {{Elderly}}},
  author = {Qiu, Ling and Chen, Qujing and Gao, Tian},
  year = {2021},
  month = jan,
  volume = {18},
  pages = {509},
  issn = {1660-4601},
  doi = {10.3390/ijerph18020509},
  journal = {International Journal of Environmental Research and Public Health},
  number = {2}
}



@article{lyons1983,
author = {Elizabeth Lyons},
title ={Demographic Correlates of Landscape Preference},
journal = {Environment and Behavior},
volume = {15},
number = {4},
pages = {487-511},
year = {1983},
doi = {10.1177/0013916583154005},
URL = {https://doi.org/10.1177/0013916583154005},
eprint = {https://doi.org/10.1177/0013916583154005}
}

@article{gao2019,
  title = {Comparisons of {{Landscape Preferences}} through {{Three Different Perceptual Approaches}}},
  author = {Gao, Tian and Liang, Huiyi and Chen, Yuxuan and Qiu, Ling},
  year = {2019},
  volume = {16},
  publisher = {{MDPI AG}},
  address = {{Basel}},
  issn = {1661-7827},
  doi = {10.3390/ijerph16234754},
  journal = {International Journal of Environmental Research and Public Health},
  keywords = {China,Comparative studies,Computer applications,Feature recognition,Landscape architecture,landscape perception and preference,on-site,Onsite,Open spaces,Panoramic cameras,Perception,Perceptions,photo,Photographs,Photography,Physiology,Place preferences,Preferences,Questionnaires,Sciences: Comprehensive Works,Studies,Surveys,Technology,Urban planning,Validity,Vegetation,virtual reality,Virtual reality,Visibility,Visual evoked potentials},
  number = {23}
}

@book{scott2002,
  title={Public and professional attitudes to landscape: scoping study},
  author={Scott, Karen E and Benson, John F},
  year={2002},
  publisher={Scottish Natural Heritage}
}

@article{england2009,
  title={Experiencing landscapes: capturing the cultural services and experiential qualities of landscape},
  author={England, Natural},
  journal={Report NECR024},
  year={2009}
}
@article{balai2020,
  title = {Investigating the Usability Pattern and Constraints of Pocket Parks in {{Kuala Lumpur}}, {{Malaysia}}},
  author = {Balai Kerishnan, Praveena and Maruthaveeran, Sreetheran and Maulan, Suhardi},
  year = {2020},
  month = apr,
  volume = {50},
  pages = {126647},
  issn = {16188667},
  doi = {10.1016/j.ufug.2020.126647},
  journal = {Urban Forestry \& Urban Greening}
}

@article{swanwick2009,
  title = {Society's Attitudes to and Preferences for Land and Landscape},
  author = {Swanwick, Carys},
  year = {2009},
  month = dec,
  volume = {26},
  pages = {S62-S75},
  issn = {02648377},
  doi = {10.1016/j.landusepol.2009.08.025},
  journal = {Land Use Policy}
}


@article{wang2021,
  title = {The Motivation and Factors Influencing Visits to Small Urban Parks in {{Shanghai}}, {{China}}},
  author = {Wang, Pengwei and Zhou, Bin and Han, Lirong and Mei, Rong},
  year = {2021},
  month = may,
  volume = {60},
  pages = {127086},
  issn = {16188667},
  doi = {10.1016/j.ufug.2021.127086},
  journal = {Urban Forestry \& Urban Greening}
}



@article{azagew2020,
title = {Socio-demographic and physical factors influencing access to urban parks in rapidly urbanizing cities of Ethiopia: The case of Addis Ababa},
journal = {Journal of Outdoor Recreation and Tourism},
volume = {31},
pages = {100322},
year = {2020},
issn = {2213-0780},
doi = {https://doi.org/10.1016/j.jort.2020.100322},
url = {https://www.sciencedirect.com/science/article/pii/S2213078020300463},
author = {Sileshi Azagew and Hailu Worku},
keywords = {Addis Ababa, Distance, Park access, Park utilization, Physical factors, Urban park}
}

@article{ma2021,
  title = {Effects of Environmental Sound Quality on Soundscape Preference in a Public Urban Space},
  author = {Ma, Kuen Wai and Mak, Cheuk Ming and Wong, Hai Ming},
  year = {2021},
  month = jan,
  volume = {171},
  pages = {107570},
  issn = {0003-682X},
  doi = {10.1016/j.apacoust.2020.107570},
  journal = {Applied Acoustics},
  keywords = {Multidimensional acoustic characterization,Psychoacoustic metrics,Public urban space development,Soundscape perceptions,Soundscape preferences}
}


@article{imansari2015,
  title={Penyediaan hutan kota dan taman kota sebagai ruang terbuka hijau (RTH) publik menurut preferensi masyarakat di kawasan pusat Kota Tangerang},
  author={Imansari, Nadia and Khadiyanta, Parfi},
  journal={Jurnal Ruang},
  volume={1},
  number={3},
  pages={101--110},
  year={2015}
}

@article{pratomo2017,
  title={Kualitas Taman Kota Sebagai Ruang Publik di Kota Surakarta Berdasarkan Persepsi dan Preferensi Pengguna},
  author={Pratomo, Anggit},
  year={2017},
  publisher={UNS (Sebelas Maret University)}
}

@article{ramdani2013,
  title = {{Preferensi Masyarakat terhadap Penataan Kawasan Permukiman Nelayan Kumuh di Desa Kurau, Kecamatan Koba, Kabupaten Bangka Tengah}},
  author = {Ramdani, Bani Dipra},
  year = {2013},
  volume = {2},
  pages = {9},
  number = {3}
}

@article{madureira2018,
  title = {Preferences for {{Urban Green Space Characteristics}}: {{A Comparative Study}} in {{Three Portuguese Cities}}},
  shorttitle = {Preferences for {{Urban Green Space Characteristics}}},
  author = {Madureira, Helena and Nunes, Fernando and Oliveira, Jos{\'e} and Madureira, Teresa},
  year = {2018},
  month = feb,
  volume = {5},
  pages = {23},
  issn = {2076-3298},
  doi = {10.3390/environments5020023},
  journal = {Environments},
  number = {2}
}

@phdthesis{kim2012,
  title = {Researching {{Indoor Public Space Attributes}}: {{Enhancing}} the {{Interaction}} between {{Older Adults}} and {{Children}}},
  author = {Kim, Hyun Jee},
  year = {2012},
  address = {{Ann Arbor}},
  annotation = {3538282},
  isbn = {978-1-303-00802-3},
  journal = {ProQuest Dissertations and Theses},
  keywords = {0351:Gerontology,0384:Behavioral psychology,0389:Design,0451:Social psychology,Behavioral psychology,Children,Communication and the arts,Design,Gerontology,Indoor public spaces,Interaction,Older adults,Psychology,Quality of life,Social psychology,Social sciences},
  school = {North Carolina State University},
  type = {Ph.{{D}}.}
}

@article{arnberger2015,
title = {Are urban visitors’ general preferences for green-spaces similar to their preferences when seeking stress relief?},
journal = {Urban Forestry \& Urban Greening},
volume = {14},
number = {4},
pages = {872-882},
year = {2015},
issn = {1618-8667},
doi = {https://doi.org/10.1016/j.ufug.2015.07.005},
url = {https://www.sciencedirect.com/science/article/pii/S1618866715000989},
author = {Arne Arnberger and Renate Eder},
keywords = {Green infrastructure, Green space, Restoration, Stated choice, Vienna, Visitor numbers},
}

@article{wen2018,
title = {The elderly in green spaces: Exploring requirements and preferences concerning nature-based recreation},
journal = {Sustainable Cities and Society},
volume = {38},
pages = {582-593},
year = {2018},
issn = {2210-6707},
doi = {https://doi.org/10.1016/j.scs.2018.01.023},
url = {https://www.sciencedirect.com/science/article/pii/S2210670717307977},
author = {Chen Wen and Christian Albert and Christina {Von Haaren}},
keywords = {Elderly, Green spaces, Preference, Accessibility, Aesthetics, Review},
}

@article{campagnaro2020,
  title = {General, Stress Relief and Perceived Safety Preferences for Green Spaces in the Historic City of {{Padua}} ({{Italy}})},
  author = {Campagnaro, Thomas and Vecchiato, Daniel and Arnberger, Arne and Celegato, Riccardo and Da Re, Riccardo and Rizzetto, Riccardo and Semenzato, Paolo and Sitzia, Tommaso and Tempesta, Tiziano and Cattaneo, Dina},
  year = {2020},
  month = jun,
  volume = {52},
  pages = {126695},
  issn = {16188667},
  doi = {10.1016/j.ufug.2020.126695},
  journal = {Urban Forestry \& Urban Greening}
}

@phdthesis{muh.sainals2020,
  title = {{Revitalisasi kebun raya jompie dalam meningkatkan minat wisata masyarakat}},
  author = {{Muh. Sainal S}},
  year = {2020},
  address = {{Parepare}},
  school = {Institu Agama Islam Negeri},
  type = {{SKRIPSI}}
}

@phdthesis{faniapriani2018,
  title = {{Persepsi 50 Orang Masyarakat Kota Parepare terhadap Monumen Patung Cinta Sejati Habibie Ainun Sebagai Icon Kota Parepare Dalam Kaitannya dengan Pengembangan Pariwisata Kota Parepare}},
  shorttitle = {{MONUMEN PATUNG CINTA SEJATI HABIBIE AINUN SEBAGAI ICON KOTA PAREPARE DALAM KAITANNYA DENGAN PENGEMBANGAN PARIWISATA KOTA PAREPARE}},
  author = {{Fani Apriani}},
  year = {2018},
  school = {UNIVERSITAS NEGERI MAKASSAR},
  type = {{SKRIPSI}}
}

@article{mullin2000,
  title = {Historic {{Preservation}} in {{Waterfront Communities}} in {{Portugal}} and the {{USA}}},
  author = {Mullin, John and Kotval, Zenia and Balsas, Carlos},
  year = {2000},
  month = jan,
  pages = {23},
  journal = {Landscape Architecture \& Regional Planning}
}

@book{nysds2009,
  title = {Making {{The Most}} of {{Your Waterfront}}},
  shorttitle = {Enhancing {{Waterfront}} to {{Revitalize Communities}}},
  author = {{New York State Departement of State}},
  year = {2009},
  address = {{New York}}
}

@article{gordon1996,
  title={Planning, design and managing change in urban waterfront redevelopment},
  author={Gordon, David LA},
  journal={The Town Planning Review},
  pages={261--290},
  year={1996},
  publisher={JSTOR}
}

@phdthesis{davidowich1998,
  title = {Assessment of Recreation Space along the {{Hudson}} River Waterfront in {{Jersey City}}, {{NJ}}},
  author = {Davidowich, Darren M},
  year = {1998},
  month = may,
  address = {{New Jersey}},
  school = {New Jersey Institute of Technology},
  type = {Department of {{Humanities}} and {{Social Sciences}}}
}

@article{eldeeb2015,
  title={A Sustainability Assessment Framework For Waterfront Communities},
  author={Eldeeb, Sally Said and Galil, Rania Abdel and Sarhan, Alaa Eldin},
  journal={Renewable Energy and Sustainable Development},
  volume={1},
  number={1},
  pages={167--183},
  year={2015}
}

@article{giovinazzi2009,
  title = {Port {{Cities}} and {{Urban Waterfront}}:},
  author = {Giovinazzi, Orianna and Moretti, Marta},
  year = {2009},
  volume = {3},
  pages = {8},
  journal = {SELECTED PAPERS}
}

@phdthesis{devysandra2012,
  title = {{{Preferensi Masyarakat Terhadap Ketersediaan Taman Kota di Kota Pekanbaru}}-{{Propinsi Riau}}},
  author = {{Devy Sandra}},
  year = {2012},
  address = {{Bogor}},
  school = {Sekolah Pascasarjana Institut Pertanian Bogor}
}

@article{hoyle2001,
  title={Lamu: Waterfront revitalization in an East African port-city},
  author={Hoyle, Brian},
  journal={Cities},
  volume={18},
  number={5},
  pages={297--313},
  year={2001},
  publisher={Elsevier}
}

@article{hussein2014,
  title={Sustainable urban waterfronts using sustainability assessment rating system},
  author={Hussein, RMR},
  journal={International Journal of Architectural and Environmental Engineering},
  volume={8},
  number={4},
  pages={488--498},
  year={2014}
}

@article{fhuh2017,
  title = {{Tinjauan Yuridis Izin Reklamasi Pantai Makassar dalam Mega Proyek Centre Point of Indonesia}},
  author = {{Fakultas Hukum Universitas Hasanuddin} and Aspan, Zulkifli},
  year = {2017},
  month = apr,
  volume = {1},
  pages = {172--189},
  issn = {25412353, 2541531X},
  doi = {10.24970/jbhl.v1n2.14},
  journal = {Bina Hukum Lingkungan},
  number = {2}
}

@article{junaid2016,
  title = {{Ikon Habibie-Ainun, Strategi Inovatif dalam Mengembangkan Pariwisata di Kota Parepare, Sulawesi Selatan}},
  author = {Junaid, Ilham and Hanafi, Hamsu},
  year = {2016},
  month = aug,
  issn = {2502-8022, 2406-9116},
  doi = {10.24843/JUMPA.2016.v03.i01.p09},
  journal = {Jurnal Master Pariwisata (JUMPA)}
}

@article{goni2018,
  title = {{Analisis Perubahan Garis Pantai dan Strategi Pengelolaannya di Pantai Barat Sulawesi Selatan}},
  author = {Goni, Agustina and Rauf, Abdul and Asbar, Muhammad},
  year = {2018},
  month = dec,
  volume = {1},
  pages = {89--99},
  issn = {2655-5883, 2655-4461},
  doi = {10.33096/joint-fish.v1i1.24},
  journal = {JOURNAL OF INDONESIAN TROPICAL FISHERIES (JOINT-FISH) : Jurnal Akuakultur, Teknologi Dan Manajemen Perikanan Tangkap, Ilmu Kelautan},
  number = {1}
}

@phdthesis{wardasusaniati2011,
  title = {{Studi Tentang Produktivitas Bagan Tancap di Perairan Kabupaten Jeneponto Sulawesi Selatan}},
  author = {{Warda Susaniati}},
  year = {2011},
  address = {{MAKASSAR}},
  school = {UNIVERSITAS HASANUDDIN}
}

@article{bpskotaparepare2020,
  title = {{{Kota Parepare dalam Angka Parepare Municipality}} in {{Figures}} 2020},
  shorttitle = {{{Kota Parepare dalam Angka}}},
  author = {{Bps Kota Parepare}},
  year = {2020},
  volume = {73720.2002},
  issn = {0215-7047},
  journal = {Badan Pusat Statistik Kota Parepare},
  number = {1102001.7372}
}

@article{giovinazzi2008,
  title={Waterfront planning: a window of opportunities for post-disaster reconstruction},
  author={Giovinazzi, Oriana and Giovinazzi, Sonia},
  year={2008},
  publisher={University of Canterbury. Civil and Natural Resources Engineering}
}

@article{niemann2016,
  title={Strategies for the sustainable urban waterfront},
  author={Niemann, B and Werner, T},
  journal={WIT Transactions on Ecology and the Environment},
  volume={204},
  pages={431--439},
  year={2016},
  publisher={WIT Press}
}

@article{ainy2016,
  title = {Landscape {{Design}} for {{Sustainable Waterfront Community}}},
  author = {Ainy, Cherish},
  year = {2016},
  pages = {6},
  journal = {JAILCD}
}

@article{tungka2012,
  title = {{{Manado Waterfront Development Concept as Sustainable City of Tourism}}},
  author = {Tungka, Aristotulus Ernst and Omran, Abdelnasser Ali and Gebril, Abdelwahab O and Wah, Woo Suk and Suprapti, Atiek B},
  year = {2012},
  pages = {6},
  issn = {2067-3809},
  journal = {Bulletin of engeneering}
}

@book{breen1994,
  title={Waterfronts: Cities reclaim their edge},
  author={Breen, Ann and Rigby, Dick},
  year={1994},
  publisher={McGraw-Hill Companies}
}

@article{pramesti2017,
  title = {{{Sustainable Urban Waterfront Redevelopment}} : {{Challenge and Key Issues}}},
  author = {Pramesti, Rochana Esti},
  year = {2017},
  volume = {14},
  pages = {14}
}

@article{andi2017,
  title = {{Model Reklamasi Pantai secara Berkelanjutan Kasus : Pantai Kota Makassar}},
  shorttitle = {{Model Reklamasi Pantai Secara Berkelanjutan Kasus}},
  author = {Andi, Yurnita and Trisutomo, Slamet and Ali, Mukti},
  year = {2017},
  month = oct,
  volume = {19},
  pages = {339},
  issn = {2356-0266, 0852-7458},
  doi = {10.14710/tataloka.19.4.339-354},
  journal = {TATALOKA},
  number = {4}
}

@inproceedings{hindersah2015,
  title = {{{Strategi Pengelolaan Wilayah Pesisir Muaragembong secara Islami dan Berkelanjutan}}},
  booktitle = {{{Seminar Nasional Tata Ruang dan Space}}\#2},
  author = {Hindersah, Hilwati and Asyiawati, Yulia and Syiddatul Akliyah, Lely},
  year = {2015},
  address = {{Jalan Sangalangit, Tembau-Penatih, Denpasar, Bali}},
  isbn = {978-602-73308-0-1}
}

@article{imperatives1987,
  title={Report of the World Commission on Environment and Development: Our common future},
  author={Imperatives, Strategic},
  journal={Accessed Feb},
  volume={10},
  year={1987}
}

@book{brebbia2016sustainable,
  title = {The Sustainable City {{XI}}},
  author = {Brebbia, C.A. and {Galiano-Garrigos}, A.},
  year = {2016},
  publisher = {{WIT Press}},
  isbn = {978-1-78466-103-8},
  series = {{{WIT}} Transactions on Ecology and the Environment}
}

@article{benages2015revisiting,
  title = {Revisiting the Appropriation of Space in Metropolitan River Corridors},
  author = {{Benages-Albert}, Marta and Di Masso, Andr{\'e}s and Porcel, Sergio and Pol, Enric and {Vall-Casas}, Pere},
  year = {2015},
  volume = {42},
  pages = {1--15},
  publisher = {{Elsevier}},
  journal = {Journal of Environmental Psychology}
}

@book{breen1994waterfronts,
  title = {Waterfronts: {{Cities}} Reclaim Their Edge},
  author = {Breen, Ann and Rigby, Dick},
  year = {1994},
  publisher = {{McGraw-Hill Companies}}
}

@article{couch2003city,
  title = {City of Change and Challenge: Urban Planning and Regeneration in {{Liverpool Ashgate}}},
  author = {Couch, C},
  year = {2003},
  publisher = {{Aldershot}},
  journal = {Liverpool Ashgate}
}

@article{goodwin1999,
  title = {Redeveloping Deteriorated Urban Waterfronts: {{The}} Effectiveness of {{US}} Coastal Management Programs},
  author = {Goodwin, Robert F},
  year = {1999},
  volume = {27},
  pages = {239--269},
  publisher = {{Taylor \& Francis}},
  issn = {0892-0753},
  journal = {Coastal Management},
  number = {2-3}
}

@article{gripaios1999ports,
  title = {Ports and Their Influence on Local Economies-a {{UK}} Perspective},
  author = {Gripaios, P},
  year = {1999},
  volume = {79},
  pages = {235--237},
  publisher = {{FOXLOW PUBLICATIONS LTD}},
  journal = {DOCK AND HARBOUR AUTHORITY}
}

@article{imansari2015,
  title = {{Penyediaan Hutan Kota dan Taman Kota sebagai Ruang Terbuka Hijau (RTH) Publik Menurut Preferensi Masyarakat di Kawasan Pusat Kota Tangerang}},
  author = {Imansari, Nadia and Khadiyanta, Parfi},
  year = {2015},
  pages = {10},
  number = {3}
}

@article{richarda.lehmann1966,
  title = {{{The Principles of Waterfront Renewal}}: {{A}} Summary of Experiences in Fifty {{American}} Cities},
  author = {Richard A. Lehmann},
  year = {1966},
  pages = {7},
  journal = {Landscape Architecture Magazine}
}

@article{shamsuddin2013,
  ids = {shamsuddin2013city},
  title = {How a City Lost Its Waterfront: Tracing the Effects of Policies on the Sustainability of the {{Kuala Lumpur}} Waterfront as a Public Place},
  author = {Shamsuddin, Shuhana and Abdul Latip, Nurul Syala and Ujang, Norsidah and Sulaiman, Ahmad Bashri and Alias, Nursyahida Alfath},
  year = {2013},
  volume = {56},
  pages = {378--397},
  publisher = {{Taylor \& Francis}},
  journal = {Journal of Environmental Planning and Management},
  number = {3}
}

@article{thomas2020,
title = {General, stress relief and perceived safety preferences for green spaces in the historic city of Padua (Italy)},
journal = {Urban Forestry \& Urban Greening},
volume = {52},
pages = {126695},
year = {2020},
issn = {1618-8667}
}

@article{ulam2009,
  title = {{{Down by The}} ({{Urban}}) {{Riverside}}},
  author = {Ulam, Alex},
  year = {2009},
  volume = {Vol. 99, No. 9,},
  pages = {11},
  journal = {Landscape Architecture Magazine}
}

@article{vayona2011,
  ids = {vayona2011a},
  title = {Investigating the Preferences of Individuals in Redeveloping Waterfronts: {{The}} Case of the Port of {{Thessaloniki}} \textendash{} {{Greece}}},
  shorttitle = {Investigating the Preferences of Individuals in Redeveloping Waterfronts},
  author = {Vayona, Anastasia},
  year = {2011},
  month = oct,
  volume = {28},
  pages = {424--432},
  issn = {02642751},
  doi = {10.1016/j.cities.2011.05.007},
  journal = {Cities},
  number = {5}
}

@article{wang2020,
  title = {Citizens' Preferences and Attitudes towards Urban Waterfront Spaces: A Case Study of {{Qiantang}} Riverside Development},
  shorttitle = {Citizens' Preferences and Attitudes towards Urban Waterfront Spaces},
  author = {Wang, Yuan and Dewancker, Bart Julien and Qi, Qianlong},
  year = {2020},
  month = dec,
  volume = {27},
  pages = {45787--45801},
  issn = {0944-1344, 1614-7499},
  doi = {10.1007/s11356-020-10419-6},
  journal = {Environmental Science and Pollution Research},
  number = {36}
}
